   @book{Dominguez2017,
   title={Procesador de lenguas naturales},
   url={https://bibliotecas.inah.gob.mx:8108/ENAH16/viewrec?nr=000X01914&#38;nc=2&#38;sk=0&#38;no=1&#38;nf=4&#38;tr=1&#38;ns=7785#TAB_EJEM},
   publisher={Escuela Nacional de Antropología e Historia},
   author={Domínguez Espinoza, Edgar Uriel},
   editor={Méndez Cruz, Carlos Francisco},
   year={2017},
   pages={1–153} }
   @misc{eagles1996essentials,
title={The essentials of EAGLES},
author={{Expert Advisory Group on Language Engineering Standards}},
year={1996},
url="\url{http://www.ilc.cnr.it/EAGLES96/intro.html}",
note="[En línea: revisado Diciembre 2013]"
}
@book{lara2006curso,
  title={Curso de Lexicolog{\'\i}a},
  author={Lara, L.F.},
  isbn={9789681211875},
  lccn={2006493492},
  series={Estudios Ling{\"u}{\'\i}sticos y Literarios Series},
  url={http://books.google.com.mx/books?id=xmcvAAAAYAAJ},
  year={2006},
  publisher={Colegio de M{\'e}xico}
}
@book{jurafsky2008speech,
  title={Speech and Language Processing: An introduction to speech recognition, computational linguistics and natural language processing},
  author={Jurafsky, Daniel and Martin, James H},
  editor={Upper Saddle River, NJ: Prentice Hall},
  year={2019}
}
