   @book{Sundararajan_2017, title={Digital Image Processing: A Signal Processing and Algorithmic Approach}, ISBN={9789811061134}, publisher={Springer}, author={Sundararajan, D.}, year={2017}, month={Oct} }
