@book{Domkin2021,
   title={Programming Algorithms in Lisp: Writing Efficient Programs with Examples in ANSI Common Lisp},
   ISBN={1484264274},
   publisher={Apress},
   author={Domkin, Vsevolod},
   year={2021},
   month={Mar} }
@book{EdelkampSchroedl2011,
   title={Heuristic Search: Theory and Applications},
   ISBN={0080919731},
   publisher={Elsevier},
   author={Edelkamp, Stefan and Schroedl, Stefan},
   year={2011},
   month={May},
   pages={47} }
@misc{RosettaCode2022,
   title={A* search algorithm},
   url={https://rosettacode.org/wiki/A*_search_algorithm},
   journal={Rosetta Code},
   author={Rosetta Code},
   year={2022},
   month={Mar} }
