@article{sievers2018metis,
  title={Metis},
  author={Silvan Sievers and Michael Katz},
  journal={Ninth International Planning Competition (IPC 2018)},
  year={2018},
  publisher={University of Basel and IBM Research}
}
@article{seipp2018scorpion,
  title={Scorpion (planner abstract)},
  author={Seipp, Jendrik},
  journal={Ninth International Planning Competition (IPC 2018)},
  year={2018},
  publisher={University\_of\_Basel}
}