   @phdthesis{Tapia_García_2017, title={Diseño e implementación de un planificador para un agente autónomo}, url={https://oa.upm.es/46988/}, school={E.T.S.I. Industriales (UPM)}, author={Tapia García, Cristóbal}, year={2017}, month={Jan} }
   @book{Ghallab_Nau_Traverso_2004, title={Automated Planning: Theory and Practice}, ISBN={9781558608566}, publisher={Elsevier}, author={Ghallab, Malik and Nau, Dana and Traverso, Paolo}, year={2004}, month={May} }
   @misc{Porto_2021, title={Planificadores de Inteligencia Artificial para el estado del arte}, url={https://www.researchgate.net/publication/354065444_Planificadores_de_Inteligencia_Artificial_para_el_estado_del_arte}, journal={unknown}, author={Porto, Geoffrey}, year={2021}, month={Aug} }
   @misc{ICAPS_2018, title={{IPC} 2018}, url={https://ipc2018-classical.bitbucket.io/}, journal={INTERNATIONAL PLANNING COMPETITION 2018 CLASSICAL TRACKS}, publisher={ICAPS}, author={ICAPS}, editor={Pommerenig, Florian and Torralba, Álvaro and Balyo, Tomás}, year={2018} }
   @misc{Gentoo_2021, title={Manual:Página Principal}, url={https://wiki.gentoo.org/wiki/Handbook:Main_Page/es}, journal={Gentoo Wiki}, author={Gentoo Foundation, Inc.}, year={2021}, month={Nov} }
   @misc{Sylabs_2021, title={SingularityCE User Guide — SingularityCE User Guide 3.8 documentation}, url={https://sylabs.io/guides/3.8/user-guide/index.html}, journal={SingularityCE User Guide}, publisher={Sylabs Inc. and Project Contributors}, author={{Sylabs Inc.} and {Project Contributors}}, year={2021} }
@article{seipp2018scorpion,
  title={Scorpion (planner abstract)},
  author={Seipp, Jendrik},
  journal={Ninth International Planning Competition (IPC 2018)},
  year={2018},
  publisher={University\_of\_Basel}
}
@article{fiser2018maplan,
  title={{MAP}lan: Reductions with Fact-Alternating Mutex Groups and hm Heuristics (planner abstract)},
  author={Daniel Fiser and Anonín Komenda},
  journal={Ninth International Planning Competition (IPC 2018)},
  year={2018},
  publisher={Czech Technical University}
}
@article{sievers2018metis,
  title={Metis},
  author={Silvan Sievers and Michael Katz},
  journal={Ninth International Planning Competition (IPC 2018)},
  year={2018},
  publisher={University of Basel and IBM Research}
}
@article{cenamor2018ibacop,
  title={{IBaCoP-2018 and IBaCoP2-2018}},
  author={Isabel Cenamor and Tomas de la Rosa and Fernando Fernández},
  journal={Ninth International Planning Competition (IPC 2018)},
  year={2018},
  publisher={Universidad Carlos III de Madrid}
}